@book{book1,
   title =     {Introduction to Algorithms},
   author =    {Thomas H. Cormen, Charles E. Leiserson, Ronald L. Rivest and Clifford Stein},
   publisher = {MIT},
   isbn =      {978-0-262-03384-8},
   year =      {2009},
   series =    {},
   edition =   {},
   volume =    {},
   url =       {}}
@book{book2,
   title =     {Notas de aula e Slides},
   author =    {Prof. Luciana Lee},
   publisher = {},
   isbn =      {},
   year =      {},
   series =    {},
   edition =   {},
   volume =    {},
   url =       {}}


